@inproceedings{Wu15OI,
  title={On Identifying Good Options under Combinatorially Structured Feedback in Finite Noisy Environments},
  author={Wu, Yifan and Gyorgy, Andras and Szepesvari, Csaba},
  booktitle={Proceedings of The 32nd International Conference on Machine Learning},
  pages={1283--1291},
  year={2015}
}

@book{Tambe11SG,
  title={Security and Game Theory: Algorithms, Deployed Systems, Lessons Learned},
  author={Tambe, Milind},
  year={2011},
  publisher={Cambridge University Press}
}

@inproceedings{Audibert10BA,
	Author = {J.-Y. Audibert and S. Bubeck and R. Munos},
	Booktitle = {Proceedings of the Twenty-Third Conference on Learning Theory},
	Pages = {41-53},
	Title = {{Best Arm Identification in Multi-Armed Bandits}},
	Year = {2010}}
	
	@article{Blum15LP,
  title={Learning to Play Stackelberg Security Games},
  author={Blum, Avrim and Haghtalab, Nika and Procaccia, Ariel D and Br{\^a}nzei, Simina and Caragiannis, Ioannis and Kurokawa, David and Procaccia, Ariel D and Reddi, Sashank J and Shah, Nisarg and Parkes, David C and others},
  year=2015
}

@article{Balcan15CR,
  title={Commitment without regrets: Online learning in Stackelberg security games},
  author={Balcan, Maria-Florina and Blum, Avrim and Haghtalab, Nika and Procaccia, Ariel D},
  year={2015},
  publisher={ACM}
}

@inproceedings{Nguyen14RO,
  title={Regret-based optimization and preference elicitation for stackelberg security games with uncertainty},
  author={Nguyen, Thanh H and Yadav, Amulya and An, Bo and Tambe, Milind and Boutilier, Craig},
  booktitle={Proceedings of the 28th AAAI Conference on Artificial Intelligence (AAAI)},
  pages={756--762},
  year={2014}
}



@inproceedings{Marecki12PR,
 author = {Marecki, Janusz and Tesauro, Gerry and Segal, Richard},
 title = {Playing Repeated Stackelberg Games with Unknown Opponents},
 booktitle = {Proceedings of the 11th International Conference on Autonomous Agents and Multiagent Systems - Volume 2},
 series = {AAMAS '12},
 year = {2012},
 isbn = {0-9817381-2-5, 978-0-9817381-2-3},
 location = {Valencia, Spain},
 pages = {821--828},
 numpages = {8},
 url = {http://dl.acm.org/citation.cfm?id=2343776.2343814},
 acmid = {2343814},
 publisher = {International Foundation for Autonomous Agents and Multiagent Systems},
 address = {Richland, SC},
 keywords = {Monte-Carlo tree search, Stackelberg games},
} 

@inproceedings{pita2008deployed,
  title={Deployed ARMOR protection: the application of a game theoretic model for security at the Los Angeles International Airport},
  author={Pita, James and Jain, Manish and Marecki, Janusz and Ord{\'o}{\~n}ez, Fernando and Portway, Christopher and Tambe, Milind and Western, Craig and Paruchuri, Praveen and Kraus, Sarit},
  booktitle={Proceedings of the 7th international joint conference on Autonomous agents and multiagent systems: industrial track},
  pages={125--132},
  year={2008},
  organization={International Foundation for Autonomous Agents and Multiagent Systems}
}

@article{tsai2009iris,
  title={IRIS-a tool for strategic security allocation in transportation networks},
  author={Tsai, Jason and Kiekintveld, Christopher and Ordonez, Fernando and Tambe, Milind and Rathi, Shyamsunder},
  year={2009}
}

@article{yin2012trusts,
  title={TRUSTS: Scheduling randomized patrols for fare inspection in transit systems using game theory},
  author={Yin, Zhengyu and Jiang, Albert Xin and Tambe, Milind and Kiekintveld, Christopher and Leyton-Brown, Kevin and Sandholm, Tuomas and Sullivan, John P},
  journal={AI Magazine},
  volume={33},
  number={4},
  pages={59},
  year={2012}
}

@inproceedings{shieh2012protect,
  title={Protect: A deployed game theoretic system to protect the ports of the united states},
  author={Shieh, Eric and An, Bo and Yang, Rong and Tambe, Milind and Baldwin, Craig and DiRenzo, Joseph and Maule, Ben and Meyer, Garrett},
  booktitle={Proceedings of the 11th International Conference on Autonomous Agents and Multiagent Systems-Volume 1},
  pages={13--20},
  year={2012},
  organization={International Foundation for Autonomous Agents and Multiagent Systems}
}
@article{lye2005game,
  title={Game strategies in network security},
  author={Lye, Kong-wei and Wing, Jeannette M},
  journal={International Journal of Information Security},
  volume={4},
  number={1},
  pages={71--86},
  year={2005},
  publisher={Springer}
}

@article{korzhyk2011stackelberg, title={Stackelberg vs. Nash in Security Games: An Extended Investigation of Interchangeability, Equivalence, and Uniqueness.}, author={Korzhyk, Dmytro and Yin, Zhengyu and Kiekintveld, Christopher and Conitzer, Vincent and Tambe, Milind}, journal={J. Artif. Intell. Res.(JAIR)}, volume={41}, pages={297--327}, year={2011} }

@inproceedings{tambe2012game,
  title={Game Theory for Security: A Real-World Challenge Problem for Multiagent Systems and Beyond.},
  author={Tambe, Milind and An, Bo},
  booktitle={AAAI Spring Symposium: Game Theory for Security, Sustainability, and Health},
  year={2012}
}

@inproceedings{qian2014online,
  title={Online planning for optimal protector strategies in resource conservation games},
  author={Qian, Yundi and Haskell, William B and Jiang, Albert Xin and Tambe, Milind},
  booktitle={Proceedings of the 2014 international conference on Autonomous agents and multi-agent systems},
  pages={733--740},
  year={2014},
  organization={International Foundation for Autonomous Agents and Multiagent Systems}
}